<record><leader>00000cas a22000007a 4500</leader><controlfield tag="001">20508448</controlfield><controlfield tag="008">891018d19641967ndudn ne      0    0eng d</controlfield><datafield ind1=" " ind2=" " tag="010"><subfield code="a">sn 89074335 </subfield></datafield><datafield ind1=" " ind2=" " tag="040"><subfield code="a">NOP</subfield><subfield code="b">eng</subfield><subfield code="c">NOP</subfield><subfield code="d">OCLCQ</subfield></datafield><datafield ind1=" " ind2=" " tag="042"><subfield code="a">msc</subfield></datafield><datafield ind1="0" ind2=" " tag="130"><subfield code="a">Pioneer (Mandan, N.D.)</subfield></datafield><datafield ind1="1" ind2="0" tag="245"><subfield code="a">Pioneer.</subfield></datafield><datafield ind1="1" ind2="3" tag="246"><subfield code="a">Mandan pioneer and the Bismarck capital</subfield></datafield><datafield ind1="1" ind2="3" tag="246"><subfield code="a">Morning pioneer</subfield></datafield><datafield ind1=" " ind2=" " tag="260"><subfield code="a">Mandan, N.D. :</subfield><subfield code="b">Pioneer, Inc.</subfield></datafield><datafield ind1=" " ind2=" " tag="300"><subfield code="a">2 v. :</subfield><subfield code="b">ill.</subfield></datafield><datafield ind1=" " ind2=" " tag="310"><subfield code="a">Daily (except Sunday)</subfield></datafield><datafield ind1="0" ind2=" " tag="362"><subfield code="a">Vol. 50, no. 157 (Oct. 31, 1964)-v. 52, no. 236 (Feb. 7, 1967).</subfield></datafield><datafield ind1=" " ind2=" " tag="500"><subfield code="a">"Official Newspaper of Morton County and the city of Mandan", 1964-1966.</subfield></datafield><datafield ind1=" " ind2=" " tag="500"><subfield code="a">Publisher's block sometimes reads: Mandan pioneer and the Bismarck capital.</subfield></datafield><datafield ind1=" " ind2=" " tag="500"><subfield code="a">Publisher's block title: Morning pioneer, Dec. 16, 1965-1967.</subfield></datafield><datafield ind1=" " ind2=" " tag="530"><subfield code="a">Available on microfilm from the State Historical Society of North Dakota.</subfield></datafield><datafield ind1=" " ind2=" " tag="752"><subfield code="a">United States</subfield><subfield code="b">North Dakota</subfield><subfield code="c">Morton</subfield><subfield code="d">Mandan.</subfield></datafield><datafield ind1="0" ind2="0" tag="780"><subfield code="t">Pioneer and the Bismarck capital</subfield><subfield code="w">(DLC)sn 89074334</subfield></datafield><datafield ind1="0" ind2="0" tag="785"><subfield code="t">Morning pioneer</subfield><subfield code="w">(DLC)sn 89074336</subfield></datafield></record>